<record><leader>00000cas a22000007a 4500</leader><controlfield tag="001">15046351</controlfield><controlfield tag="008">870108d1uuu19uuinuwr ne      0    0eng d</controlfield><datafield ind1=" " ind2=" " tag="010"><subfield code="a">sn 87055042 </subfield></datafield><datafield ind1=" " ind2=" " tag="040"><subfield code="a">NPI</subfield><subfield code="b">eng</subfield><subfield code="c">NPI</subfield><subfield code="d">OCLCQ</subfield></datafield><datafield ind1=" " ind2=" " tag="042"><subfield code="a">msc</subfield></datafield><datafield ind1="0" ind2=" " tag="130"><subfield code="a">Tipton weekly times (Tipton, Ind. : 1904)</subfield></datafield><datafield ind1="1" ind2="0" tag="245"><subfield code="a">Tipton weekly times.</subfield></datafield><datafield ind1=" " ind2=" " tag="260"><subfield code="a">Tipton, Ind. :</subfield><subfield code="b">J.O. Behymer</subfield></datafield><datafield ind1=" " ind2=" " tag="300"><subfield code="a">v.</subfield></datafield><datafield ind1=" " ind2=" " tag="310"><subfield code="a">Weekly</subfield></datafield><datafield ind1=" " ind2=" " tag="588"><subfield code="a">Description based on: Vol. 48, no. 34 (Jan. 29, 1904).</subfield></datafield><datafield ind1=" " ind2=" " tag="752"><subfield code="a">United States</subfield><subfield code="b">Indiana</subfield><subfield code="c">Tipton</subfield><subfield code="d">Tipton.</subfield></datafield><datafield ind1="0" ind2="0" tag="780"><subfield code="t">Tipton times (Tipton, Ind. : 1893)</subfield><subfield code="w">(DLC)sn 87055032</subfield></datafield></record>